<record><leader>00000cas a2200000 a 4500</leader><controlfield tag="001">33858722</controlfield><controlfield tag="008">951206d19uu1946fluwr ne      0    0eng c</controlfield><datafield ind1=" " ind2=" " tag="010"><subfield code="a">sn 95047363 </subfield></datafield><datafield ind1=" " ind2=" " tag="040"><subfield code="a">FUG</subfield><subfield code="b">eng</subfield><subfield code="c">FUG</subfield><subfield code="d">OCLCQ</subfield><subfield code="d">OCLCF</subfield><subfield code="d">OCLCO</subfield></datafield><datafield ind1=" " ind2=" " tag="012"><subfield code="i">9512</subfield></datafield><datafield ind1="1" ind2=" " tag="029"><subfield code="a">AU@</subfield><subfield code="b">000012176091</subfield></datafield><datafield ind1=" " ind2=" " tag="042"><subfield code="a">pcc</subfield></datafield><datafield ind1=" " ind2=" " tag="043"><subfield code="a">n-us-fl</subfield></datafield><datafield ind1="0" ind2="4" tag="245"><subfield code="a">The Okaloosa messenger.</subfield></datafield><datafield ind1=" " ind2=" " tag="260"><subfield code="a">Crestview, Fla. :</subfield><subfield code="b">Okaloosa Messenger,</subfield><subfield code="c">-1946.</subfield></datafield><datafield ind1=" " ind2=" " tag="300"><subfield code="a">v.</subfield></datafield><datafield ind1=" " ind2=" " tag="310"><subfield code="a">Weekly</subfield></datafield><datafield ind1="0" ind2=" " tag="362"><subfield code="a">-v. 16, no. 18 (Feb. 8, 1945) ; v. 17, no. 19 (Feb. 15, 1945)-v. 19, no. 9 (Dec. 10, 1946).</subfield></datafield><datafield ind1=" " ind2=" " tag="588"><subfield code="a">Description based on: Vol. 16, no. 17 (Feb. 1, 1945).</subfield></datafield><datafield ind1=" " ind2="0" tag="651"><subfield code="a">Crestview (Fla.)</subfield><subfield code="v">Newspapers.</subfield></datafield><datafield ind1=" " ind2="0" tag="651"><subfield code="a">Okaloosa County (Fla.)</subfield><subfield code="v">Newspapers.</subfield></datafield><datafield ind1=" " ind2="7" tag="655"><subfield code="a">Newspapers.</subfield><subfield code="2">fast</subfield><subfield code="0">(OCoLC)fst01423814</subfield></datafield><datafield ind1=" " ind2="7" tag="651"><subfield code="a">Florida</subfield><subfield code="z">Crestview.</subfield><subfield code="2">fast</subfield><subfield code="0">(OCoLC)fst01215783</subfield></datafield><datafield ind1=" " ind2="7" tag="651"><subfield code="a">Florida</subfield><subfield code="z">Okaloosa County.</subfield><subfield code="2">fast</subfield><subfield code="0">(OCoLC)fst01215782</subfield></datafield><datafield ind1=" " ind2=" " tag="752"><subfield code="a">United States</subfield><subfield code="b">Florida</subfield><subfield code="c">Okaloosa</subfield><subfield code="d">Crestview.</subfield></datafield><datafield ind1="0" ind2="4" tag="785"><subfield code="t">Okaloosa news-journal (Crestview, Fla. : 1935)</subfield><subfield code="w">(DLC)sn 95047362</subfield><subfield code="w">(OCoLC)33858511</subfield></datafield><datafield ind1=" " ind2=" " tag="850"><subfield code="a">FU</subfield></datafield></record>